@book{kenyon2002high,
  title={High Performance Data Network Design: Design Techniques and Tools},
  author={Kenyon, Tony},
  year={2002},
  publisher={Digital Press}
}

@online{ns3norm,
    author = "nsnam",
    title = "ns3::NormalRandomVariable Class Reference",
    howpublished = "\url{https://www.nsnam.org/doxygen/classns3_1_1_normal_random_variable.html#aed34239c507694029afc7af98eab0672}",
    note = "\\(Accessed: 2019-06-13)",
    keywords = "ns-3,normaldist"
}
@online{bm,
    author = "Wikipedia",
    title = "Box–Muller transform",
    howpublished = "\url{https://en.wikipedia.org/wiki/Box\%E2\%80\%93Muller_transform#Contrasting_the_two_forms}",
    note = "\\(Accessed: 2019-06-13)",
    keywords = "wiki,box"
}

@online{itm,
    author = "Wikipedia",
    title = "Box–Muller transform",
    howpublished = "\url{https://en.wikipedia.org/wiki/Inverse_transform_sampling#Intuitions}",
    note = "\\(Accessed: 2019-06-13)",
    keywords = "wiki,box"
}

@article{l2002object,
  title={An object-oriented random-number package with many long streams and substreams},
  author={L'ecuyer, Pierre and Simard, Richard and Chen, E Jack and Kelton, W David},
  journal={Operations research},
  volume={50},
  number={6},
  pages={1073--1075},
  year={2002},
  publisher={INFORMS}
}
